@book{chen1995linear,
  title={Linear system theory and design},
  author={Chen, Chi-Tsong},
  year={1995},
  publisher={Oxford University Press, Inc.}
}
@misc{boom06,
  author        = {Ton van den Boom},
  title         = {Discrete-time systems analysis},
  month         = {October},
  year          = {2006},
  note = {Additional Lecture Notes for the course SC4090},
  publisher={Delft University of Technology}
}
@book{haykin2007signals,
  title={Signals and systems},
  author={Haykin, Simon and Van Veen, Barry},
  year={2007},
  publisher={John Wiley \& Sons}
}
@book{neuts1981matrix,
  title={Matrix-geometric solutions in stochastic models: an algorithmic approach},
  author={Neuts, Marcel F},
  year={1981},
  publisher={Courier Corporation}
}
@article{smith1990kids,
  title={KIDS: A semiautomatic program development system},
  author={Smith, Douglas R.},
  journal={IEEE transactions on software engineering},
  volume={16},
  number={9},
  pages={1024--1043},
  year={1990},
  publisher={Ieee}
}
@book{constable1986implementing,
  title={Implementing mathematics},
  author={Constable, RL and Allen, SF and Bromley, HM and Cleaveland, WR and Cremer, JF and Harper, RW and Howe, DJ and Knoblock, TB and Mendler, NP and Panangaden, P and others},
  year={1986},
  publisher={Prentice Hall, Englewood Cliffs, NJ}
}
@misc{drone4logistic,
  title={Drones for logistic and transport | MULTIROTOR},
  author={Service-drone},
  Url = {www.service-drone.com/en/production/logistics-and-transport},
  note = {accessed in: 12/05/2017},
  year={2014}
}